@article{fowler2006connecting,
  title={Connecting the Congress: A study of cosponsorship networks},
  author={Fowler, James H},
  journal={Political Analysis},
  volume={14},
  number={4},
  pages={456--487},
  year={2006},
  publisher={Cambridge University Press}
}

@inproceedings{backstrom2011supervised,
  title={Supervised random walks: predicting and recommending links in social networks},
  author={Backstrom, Lars and Leskovec, Jure},
  booktitle={Proceedings of the fourth ACM international conference on Web search and data mining},
  pages={635--644},
  year={2011},
  organization={ACM}
}

@inproceedings{dominguez2005groups,
  title={Groups and the party coalitions: A network analysis of overlapping donor lists},
  author={Dominguez, Casey BK},
  booktitle={Paper delivered at the Annual Meeting of the American Political Science Association, Washington, DC},
  year={2005},
  organization={Citeseer}
}

@inproceedings{al2006link,
  title={Link prediction using supervised learning},
  author={Al Hasan, Mohammad and Chaoji, Vineet and Salem, Saeed and Zaki, Mohammed},
  booktitle={SDM06: workshop on link analysis, counter-terrorism and security},
  year={2006}
}

@article{liben2007link,
  title={The link-prediction problem for social networks},
  author={Liben-Nowell, David and Kleinberg, Jon},
  journal={Journal of the American society for information science and technology},
  volume={58},
  number={7},
  pages={1019--1031},
  year={2007},
  publisher={Wiley Online Library}
}

@article{adler2007congressional,
  title={Congressional Bills Project: 1947--2000},
  author={Adler, E Scott and Wilkerson, John},
  journal={Computer file, downloaded from http://congressionalbills. org},
  year={2007}
}

@misc{mishra_2018, title={Metrics to Evaluate your Machine Learning Algorithm}, url={https://towardsdatascience.com/metrics-to-evaluate-your-machine-learning-algorithm-f10ba6e38234}, journal={Towards Data Science}, publisher={Towards Data Science}, author={Mishra, Aditya}, year={2018}, month={Feb}}

@misc{perozo_garcia_banerjee_2016, title={Co-Authorship Networks in Congress}, url={http://snap.stanford.edu/class/cs224w-2016/projects/cs224w-81-final.pdf}, journal={CS224W Final Project Report}, author={Perozo, Patricia and Garcia, Gaspar and Banerjee, Cheenar}, year={2016}, month={Dec}}

@misc{moody_2015, title={Super-PAC Donor Networks}, url={http://snap.stanford.edu/class/cs224w-2015/projects_2015/Super-PAC_Donor_Networks.pdf}, journal={CS224W Final Project Report}, author={Moody, Rush}, year={2015}, month={Dec}}

@article{scikit-learn,
 title={Scikit-learn: Machine Learning in {P}ython},
 author={Pedregosa, F. and Varoquaux, G. and Gramfort, A. and Michel, V.
         and Thirion, B. and Grisel, O. and Blondel, M. and Prettenhofer, P.
         and Weiss, R. and Dubourg, V. and Vanderplas, J. and Passos, A. and
         Cournapeau, D. and Brucher, M. and Perrot, M. and Duchesnay, E.},
 journal={Journal of Machine Learning Research},
 volume={12},
 pages={2825--2830},
 year={2011}
}

@article{node2vec,
 title={node2vec: Scalable Feature Learning for Networks},
 author={Aditya Grover and Jure Leskovec},
 journal={Knowledge Discovery and Data Mining},
 url={https://github.com/aditya-grover/node2vec},
 year={2016}
}